%Textbooks
@book{Bronstein2008,
author = {Bronstein, AM and Bronstein, MM and Kimmel, R},
file = {:home/ctralie/.local/share/data/Mendeley Ltd./Mendeley Desktop/Downloaded/Bronstein, Bronstein, Kimmel - 2008 - Numerical geometry of non-rigid shapes.pdf:pdf},
isbn = {9780387733005},
keywords = {Book,MDS,Monograph},
mendeley-tags = {Book,MDS,Monograph},
title = {{Numerical geometry of non-rigid shapes}},
url = {http://books.google.com/books?hl=en\&lr=\&id=de2jrRCNpwEC\&oi=fnd\&pg=PR8\&dq=Numerical+Geometry+of+Nonrigid+Shapes\&ots=nwVnBr3KZK\&sig=rGRfzOKf8YXtvUVH3N\_dX92GPEM},
year = {2008}
}

@book{lengyel2012mathematics,
  title={Mathematics for 3D game programming and computer graphics},
  author={Lengyel, Eric},
  year={2012},
  publisher={Cengage Learning}
}

@article{zorin1999subdivision,
  title={Subdivision zoo},
  author={Zorin, Denis},
  journal={Subdivision for modeling and animation},
  pages={65--104},
  year={1999}
}

@article{botsch2007geometric,
  title={Geometric modeling based on polygonal meshes},
  author={Botsch, Mario and Pauly, Mark and Kobbelt, Leif and Alliez, Pierre and L{\'e}vy, Bruno and Bischoff, Stephan and R{\"o}ossl, Christian and others},
  year={2007}
}

@book{richeson2012euler,
  title={Euler's Gem: The polyhedron formula and the birth of topology},
  author={Richeson, David S},
  year={2012},
  publisher={Princeton University Press}
}



%Papers
@article{boyer2011algorithms,
  title={Algorithms to automatically quantify the geometric similarity of anatomical surfaces},
  author={Boyer, Doug M and Lipman, Yaron and Clair, Elizabeth St and Puente, Jesus and Patel, Biren A and Funkhouser, Thomas and Jernvall, Jukka and Daubechies, Ingrid},
  journal={Proceedings of the National Academy of Sciences},
  volume={108},
  number={45},
  pages={18221--18226},
  year={2011},
  publisher={National Acad Sciences}
}


@inproceedings{overbeck2007real,
  title={A real-time beam tracer with application to exact soft shadows},
  author={Overbeck, Ryan and Ramamoorthi, Ravi and Mark, William R},
  booktitle={Proceedings of the 18th Eurographics conference on Rendering Techniques},
  pages={85--98},
  year={2007},
  organization={Eurographics Association}
}


@inproceedings{funkhouser1998beam,
  title={A beam tracing approach to acoustic modeling for interactive virtual environments},
  author={Funkhouser, Thomas and Carlbom, Ingrid and Elko, Gary and Pingali, Gopal and Sondhi, Mohan and West, Jim},
  booktitle={Proceedings of the 25th annual conference on Computer graphics and interactive techniques},
  pages={21--32},
  year={1998},
  organization={ACM}
}


@article{heckbert1984beam,
  title={Beam tracing polygonal objects},
  author={Heckbert, Paul S and Hanrahan, Pat},
  journal={ACM SIGGRAPH Computer Graphics},
  volume={18},
  number={3},
  pages={119--127},
  year={1984},
  publisher={ACM}
}


@article{rindel2000use,
  title={The use of computer modeling in room acoustics},
  author={Rindel, Jens Holger},
  journal={Journal of Vibroengineering},
  volume={3},
  number={4},
  pages={41--72},
  year={2000},
  publisher={unknown}
}


@article{sutherland1974reentrant,
  title={Reentrant polygon clipping},
  author={Sutherland, Ivan E and Hodgman, Gary W},
  journal={Communications of the ACM},
  volume={17},
  number={1},
  pages={32--42},
  year={1974},
  publisher={ACM}
}


@phdthesis{sorkine2006laplacian,
  title={Laplacian mesh processing},
  author={Sorkine, Olga},
  year={2006},
  school={Citeseer}
}


@inproceedings{ankerst19993d,
  title={3D shape histograms for similarity search and classification in spatial databases},
  author={Ankerst, Mihael and Kastenm{\"u}ller, Gabi and Kriegel, Hans-Peter and Seidl, Thomas},
  booktitle={Advances in Spatial Databases},
  pages={207--226},
  year={1999},
  organization={Springer}
}


@inproceedings{thrun2005shape,
  title={Shape from symmetry},
  author={Thrun, Sebastian and Wegbreit, Ben},
  booktitle={Computer Vision, 2005. ICCV 2005. Tenth IEEE International Conference on},
  volume={2},
  pages={1824--1831},
  year={2005},
  organization={IEEE}
}


@article{chen1992object,
  title={Object modelling by registration of multiple range images},
  author={Chen, Yang and Medioni, G{\'e}rard},
  journal={Image and vision computing},
  volume={10},
  number={3},
  pages={145--155},
  year={1992},
  publisher={Elsevier}
}


@article{bronstein2011shape,
  title={Shape google: Geometric words and expressions for invariant shape retrieval},
  author={Bronstein, Alexander M and Bronstein, Michael M and Guibas, Leonidas J and Ovsjanikov, Maks},
  journal={ACM Transactions on Graphics (TOG)},
  volume={30},
  number={1},
  pages={1},
  year={2011},
  publisher={ACM}
}


@article{funkhouser2003search,
  title={A search engine for 3D models},
  author={Funkhouser, Thomas and Min, Patrick and Kazhdan, Michael and Chen, Joyce and Halderman, Alex and Dobkin, David and Jacobs, David},
  journal={ACM Transactions on Graphics (TOG)},
  volume={22},
  number={1},
  pages={83--105},
  year={2003},
  publisher={ACM}
}



@article{cignoni2008meshlab,
  title={Meshlab: an open-source 3d mesh processing system},
  author={Cignoni, Paolo and Corsini, Massimiliano and Ranzuglia, Guido},
  journal={Ercim news},
  volume={73},
  pages={45--46},
  year={2008}
}


@article{Sumner2004,
address = {New York, New York, USA},
author = {Sumner, Robert W. and Popovi\'{c}, Jovan},
doi = {10.1145/1186562.1015736},
file = {:home/ctralie/.local/share/data/Mendeley Ltd./Mendeley Desktop/Downloaded/Sumner, Popovi\'{c} - 2004 - Deformation transfer for triangle meshes.pdf:pdf},
journal = {ACM SIGGRAPH 2004 Papers on - SIGGRAPH '04},
keywords = {ShapeAnalogies,ShapeMatching,animation,correspondence,deformations},
mendeley-tags = {ShapeAnalogies,ShapeMatching},
pages = {399},
publisher = {ACM Press},
title = {{Deformation transfer for triangle meshes}},
url = {http://portal.acm.org/citation.cfm?doid=1186562.1015736},
year = {2004}
}

%Spectral methods
@article{reuter2006laplace,
  title={Laplace--Beltrami spectra as ‘Shape-DNA’of surfaces and solids},
  author={Reuter, Martin and Wolter, Franz-Erich and Peinecke, Niklas},
  journal={Computer-Aided Design},
  volume={38},
  number={4},
  pages={342--366},
  year={2006},
  publisher={Elsevier}
}

@inproceedings{rustamov2007laplace,
  title={Laplace-Beltrami eigenfunctions for deformation invariant shape representation},
  author={Rustamov, Raif M},
  booktitle={Proceedings of the fifth Eurographics symposium on Geometry processing},
  pages={225--233},
  year={2007},
  organization={Eurographics Association}
}


%Functional maps
@article{ovsjanikov2012functional,
  title={Functional maps: a flexible representation of maps between shapes},
  author={Ovsjanikov, Maks and Ben-Chen, Mirela and Solomon, Justin and Butscher, Adrian and Guibas, Leonidas},
  journal={ACM Transactions on Graphics (TOG)},
  volume={31},
  number={4},
  pages={30},
  year={2012},
  publisher={ACM}
}

@article{Rustamov2013,
author = {Rustamov, Raif M. and Ovsjanikov, Maks and Azencot, Omri and Ben-Chen, Mirela and Chazal, Fr\'{e}d\'{e}ric and Guibas, Leonidas},
doi = {10.1145/2461912.2461959},
issn = {07300301},
journal = {ACM Transactions on Graphics},
keywords = {CompGeomFinal,Computational Geometry,shape comparison,shape matching,shape variability},
mendeley-tags = {CompGeomFinal,Computational Geometry},
month = jul,
number = {4},
pages = {1},
title = {{Map-based exploration of intrinsic shape differences and variability}},
url = {http://dl.acm.org/citation.cfm?doid=2461912.2461959},
volume = {32},
year = {2013}
}

@inproceedings{Pokrass2013,
  title={Sparse modeling of intrinsic correspondences},
  author={Pokrass, Jonathan and Bronstein, Alexander M and Bronstein, Michael M and Sprechmann, Pablo and Sapiro, Guillermo},
  booktitle={Computer Graphics Forum},
  volume={32},
  pages={459--468},
  year={2013},
  organization={Wiley Online Library}
}


@inproceedings{desbrun1999implicit,
  title={Implicit fairing of irregular meshes using diffusion and curvature flow},
  author={Desbrun, Mathieu and Meyer, Mark and Schr{\"o}der, Peter and Barr, Alan H},
  booktitle={Proceedings of the 26th annual conference on Computer graphics and interactive techniques},
  pages={317--324},
  year={1999},
  organization={ACM Press/Addison-Wesley Publishing Co.}
}

@article{xu2004convergence,
  title={Convergence of discrete Laplace-Beltrami operators over surfaces},
  author={Xu, Guoliang},
  journal={Computers \& Mathematics with Applications},
  volume={48},
  number={3},
  pages={347--360},
  year={2004},
  publisher={Elsevier}
}

@article{elad2003bending,
  title={On bending invariant signatures for surfaces},
  author={Elad, Asi and Kimmel, Ron},
  journal={Pattern Analysis and Machine Intelligence, IEEE Transactions on},
  volume={25},
  number={10},
  pages={1285--1295},
  year={2003},
  publisher={IEEE}
}

@inproceedings{bronstein2003expression,
  title={Expression-invariant 3D face recognition},
  author={Bronstein, Alexander M and Bronstein, Michael M and Kimmel, Ron},
  booktitle={Audio-and Video-Based Biometric Person Authentication},
  pages={62--70},
  year={2003},
  organization={Springer}
}

@inproceedings{bronstein2005expression,
  title={Expression-invariant face recognition via spherical embedding},
  author={Bronstein, Alexander M and Bronstein, Michael M and Kimmel, Ron},
  booktitle={Image Processing, 2005. ICIP 2005. IEEE International Conference on},
  volume={3},
  pages={III--756},
  year={2005},
  organization={IEEE}
}

@article{bronstein2006generalized,
author = {Bronstein, Alexander M and Bronstein, Michael M and Kimmel, Ron},
journal = {Proceedings of the National Academy of Sciences of the United States of America},
keywords = {GMDS,ShapeMatching},
mendeley-tags = {GMDS,ShapeMatching},
number = {5},
pages = {1168--1172},
publisher = {National Acad Sciences},
title = {{Generalized multidimensional scaling: a framework for isometry-invariant partial surface matching}},
volume = {103},
year = {2006}
}


@article{Memoli2005,
author = {M\'{e}moli, Facundo and Sapiro, Guillermo},
doi = {10.1007/s10208-004-0145-y},
file = {:home/ctralie/.local/share/data/Mendeley Ltd./Mendeley Desktop/Downloaded/M\'{e}moli, Sapiro - 2005 - A Theoretical and Computational Framework for Isometry Invariant Recognition of Point Cloud Data.pdf:pdf},
issn = {1615-3375},
journal = {Foundations of Computational Mathematics},
keywords = {CompGeomFinal,Point Cloud,ShapeMatching},
mendeley-tags = {CompGeomFinal,Point Cloud,ShapeMatching},
month = jun,
number = {3},
pages = {313--347},
title = {{A Theoretical and Computational Framework for Isometry Invariant Recognition of Point Cloud Data}},
url = {http://link.springer.com/10.1007/s10208-004-0145-y},
volume = {5},
year = {2005}
}


%Diffusion
@article{nadler2005diffusion,
  title={Diffusion maps, spectral clustering and eigenfunctions of Fokker-Planck operators},
  author={Nadler, Boaz and Lafon, Stephane and Coifman, Ronald R and Kevrekidis, Ioannis G},
  journal={arXiv preprint math/0506090},
  year={2005}
}


@inproceedings{sun2009concise,
  title={A Concise and Provably Informative Multi-Scale Signature Based on Heat Diffusion},
  author={Sun, Jian and Ovsjanikov, Maks and Guibas, Leonidas},
  booktitle={Computer Graphics Forum},
  volume={28},
  pages={1383--1392},
  year={2009},
  organization={Wiley Online Library}
}

@inproceedings{ovsjanikov2010one,
  title={One point isometric matching with the heat kernel},
  author={Ovsjanikov, Maks and M{\'e}rigot, Quentin and M{\'e}moli, Facundo and Guibas, Leonidas},
  booktitle={Computer Graphics Forum},
  volume={29},
  pages={1555--1564},
  year={2010},
  organization={Wiley Online Library}
}

@article{bronstein2010gromov,
  title={A Gromov-Hausdorff framework with diffusion geometry for topologically-robust non-rigid shape matching},
  author={Bronstein, Alexander M and Bronstein, Michael M and Kimmel, Ron and Mahmoudi, Mona and Sapiro, Guillermo},
  journal={International Journal of Computer Vision},
  volume={89},
  number={2-3},
  pages={266--286},
  year={2010},
  publisher={Springer}
}

@article{Mahmoudi2009,
author = {Mahmoudi, Mona and Sapiro, Guillermo},
file = {:home/ctralie/Downloads/2209.pdf:pdf},
isbn = {6126267370},
journal = {Graphical Models},
keywords = {CompGeomFinal,Point Cloud,ShapeMatching},
mendeley-tags = {CompGeomFinal,Point Cloud,ShapeMatching},
pages = {612--626},
title = {{Three-dimensional point cloud recognition via distributions of geometric distances}},
url = {http://www.sciencedirect.com/science/article/pii/S1524070308000313},
year = {2009}
}

@article{kimmel1998computing,
  title={Computing geodesic paths on manifolds},
  author={Kimmel, Ron and Sethian, James A},
  journal={Proceedings of the National Academy of Sciences},
  volume={95},
  number={15},
  pages={8431--8435},
  year={1998},
  publisher={National Acad Sciences}
}


@article{peyre2009toolbox,
author = {Peyre, Gabriel},
journal = {MATLAB Central File Exchange Select},
title = {{Toolbox fast marching}},
year = {2009}
}


%Other


@article{raviv2010full,
author = {Raviv, Dan and Bronstein, Alexander M and Bronstein, Michael M and Kimmel, Ron},
journal = {International journal of computer vision},
keywords = {ShapeMatching,Symmetries},
mendeley-tags = {ShapeMatching,Symmetries},
number = {1},
pages = {18--39},
publisher = {Springer},
title = {{Full and partial symmetries of non-rigid shapes}},
volume = {89},
year = {2010}
}

@inproceedings{podolak2006planar,
author = {Podolak, Joshua and Shilane, Philip and Golovinskiy, Aleksey and Rusinkiewicz, Szymon and Funkhouser, Thomas},
booktitle = {ACM Transactions on Graphics (TOG)},
file = {:home/ctralie/.local/share/data/Mendeley Ltd./Mendeley Desktop/Downloaded/Podolak et al. - 2006 - A planar-reflective symmetry transform for 3D shapes.pdf:pdf},
keywords = {ShapeMatching,Symmetries},
mendeley-tags = {ShapeMatching,Symmetries},
number = {3},
organization = {ACM},
pages = {549--559},
title = {{A planar-reflective symmetry transform for 3D shapes}},
volume = {25},
year = {2006}
}

@article{Lipman2012,
author = {Lipman, Yaron},
doi = {10.1145/2185520.2335459},
issn = {07300301},
journal = {ACM Transactions on Graphics},
keywords = {CompGeomFinal,Computational Geometry,ShapeMatching,bijective mapping,bounded distortion,conformal,distortion,quasi-conformal,triangular meshes},
mendeley-tags = {CompGeomFinal,Computational Geometry,ShapeMatching},
month = jul,
number = {4},
pages = {1--13},
title = {{Bounded distortion mapping spaces for triangular meshes}},
url = {http://dl.acm.org/citation.cfm?doid=2185520.2335459},
volume = {31},
year = {2012}
}

@article{osada2002shape,
  title={Shape distributions},
  author={Osada, Robert and Funkhouser, Thomas and Chazelle, Bernard and Dobkin, David},
  journal={ACM Transactions on Graphics (TOG)},
  volume={21},
  number={4},
  pages={807--832},
  year={2002},
  publisher={ACM}
}


@article{Kazhdan2003,
author = {Kazhdan, Michael and Funkhouser, Thomas and Rusinkiewicz, Szymon},
file = {:home/ctralie/Downloads/Kazhdan03.pdf:pdf},
journal = {Proceedings of the 2003 \ldots},
keywords = {Classical,CompGeomFinal,ShapMatching},
mendeley-tags = {Classical,CompGeomFinal,ShapMatching},
title = {{Rotation invariant spherical harmonic representation of 3D shape descriptors}},
url = {http://dl.acm.org/citation.cfm?id=882392},
year = {2003}
}

@article{giorgi2007shape,
  title={Shape retrieval contest 2007: Watertight models track},
  author={Giorgi, Daniela and Biasotti, Silvia and Paraboschi, Laura},
  journal={SHREC competition},
  volume={8},
  year={2007},
  publisher={Citeseer}
}

@article{kazhdan2004reflective,
author = {Kazhdan, Michael and Chazelle, Bernard and Dobkin, David and Funkhouser, Thomas and Rusinkiewicz, Szymon},
journal = {Algorithmica},
keywords = {ShapeMatching,Symmetries},
mendeley-tags = {ShapeMatching,Symmetries},
number = {1},
pages = {201--225},
publisher = {Springer},
title = {{A reflective symmetry descriptor for 3D models}},
volume = {38},
year = {2004}
}
